<?xml version="1.0" encoding="UTF-8"?><collection xmlns="http://www.loc.gov/MARC21/slim"><record><leader>00403nam--2200145-i-4500</leader><controlfield tag="001">000027705</controlfield><controlfield tag="002">20161230</controlfield><controlfield tag="005">20161230201036</controlfield><controlfield tag="008">060222s1000------------r-----000-0-eng-d</controlfield><datafield ind1=" " ind2=" " tag="080"><subfield code="a">519:517</subfield></datafield><datafield ind1=" " ind2=" " tag="100"><subfield code="a">Kreyszig, Erwin</subfield></datafield><datafield ind1=" " ind2=" " tag="245"><subfield code="a">Advances engineering mathematics. third edition</subfield></datafield><datafield ind1=" " ind2=" " tag="260"><subfield code="a">New York, John Wiley &amp; Sons, Inc., 1972, Xvii + 866p</subfield></datafield><datafield ind1=" " ind2=" " tag="852"><subfield code="a">39441</subfield><subfield code="c">517</subfield></datafield><datafield ind1=" " ind2=" " tag="CAT"><subfield code="a">Sys</subfield><subfield code="c">20080620</subfield><subfield code="h">090611</subfield></datafield></record></collection>